Month,Sales
2018-01,200
2018-02,220
2018-03,215
2018-04,240
2018-05,250
2018-06,265
2018-07,270
2018-08,280
2018-09,300
2018-10,310
2018-11,320
2018-12,330
2019-01,340
2019-02,350
2019-03,360
2019-04,370
2019-05,380
2019-06,390
2019-07,400
2019-08,410
2019-09,420
2019-10,430
2019-11,440
2019-12,450
